@article{manton_forces_2019,
	title = {Forces between kinks and antikinks with long-range tails},
	volume = {52},
	doi = {10.1088/1751-8121/aaf9d1},
	journal = {J. Phys. A: Math. Theor.},
	author = {Manton, N. S.},
	year = {2019},
	pages = {065401},
}

@article{christov_kink-kink_2019,
	title = {Kink-{Kink} and {Kink}-{Antikink} {Interactions} with {Long}-{Range} {Tails}},
	volume = {122},
	doi = {10.1103/PhysRevLett.122.171601},
	journal = {Phys. Rev. Lett.},
	author = {Christov, I. C. and Decker, R. J. and Demirkaya, A. and Gani, Vakhid A. and Kevrekidis, P. G. and Khare, A. and Saxena, A.},
	year = {2019},
	pages = {171601},
}

@article{christov_long-range_2019,
	title = {Long-range interactions of kinks},
	volume = {99},
	doi = {10.1103/PhysRevD.99.016010},
	journal = {Phys. Rev. D},
	author = {Christov, I. C. and Decker, R. J. and Demirkaya, A. and Gani, Vakhid A. and Kevrekidis, P. G. and Radomskiy, R. V.},
	year = {2019},
	pages = {016010},
}

@book{manton_topological_2004,
	address = {Cambridge},
	title = {Topological {Solitons}},
	publisher = {Cambridge University Press},
	author = {Manton, N. and Sutcliffe, P.},
	year = {2004},
}

@book{rajaraman_solitons_2005,
	title = {Solitons and Instantons},
	author = {Rajaraman, R.},
	year = {1982},
	publisher = {Elsevier},
	address = {Amsterdam}
}

@book{kevrekidis_dynamical_2019,
	title = {A Dynamical Perspective on the {$\phi^4$} Model: Past, Present and Future},
	language = {English},
	publisher = {Springer},
	author = {Kevrekidis, P. G and Cuevas-Maraver, J.},
	year = {2019},
}

@article{goodman_kink-antikink_2005,
	title = {Kink-{Antikink} {Collisions} in the phi{\textasciicircum}4 {Equation}: {The} n-{Bounce} {Resonance} and the {Separatrix} {Map}},
	volume = {4},
	shorttitle = {Kink-{Antikink} {Collisions} in the phi{\textasciicircum}4 {Equation}},
	doi = {10.1137/050632981},
	language = {en},
	journal = {SIAM Journal on Applied Dynamical Systems},
	author = {Goodman, R. H. and Haberman, R.},
	year = {2005},
	pages = {1195--1228}
}

@article{bogomolny_stability_1976,
	title = {Stability of Classical Solutions},
	volume = {24},
	journal = {Sov. J. Nucl. Phys.},
	author = {Bogomolny, E. B.},
	year = {1976},
	pages = {449},
}

@book{gradshtein_table_2007,
	address = {Boston},
	title = {Table of Integrals, Series, and Products},
	language = {eng},
	publisher = {Academic Press},
	author = {Gradshteĭn, I. S. and Ryzhik, I. M. and Jeffrey, A.},
	year = {2007},
}

@article{gonzalez_kinks_1989,
	title = {Kinks in Systems with Degenerate Critical Points},
	volume = {140},
	doi = {10.1016/0375-9601(89)90891-8},
	language = {en},
	number = {4},
	journal = {Phys. Lett. A},
	author = {González, J. A. and Estrada-Sarlabous, J.},
	year = {1989},
	pages = {189--192}
}

@article{gonzalez_solitary_1987,
	title = {Solitary Waves in One-Dimensional Damped Systems},
	volume = {35},
	doi = {10.1103/PhysRevB.35.3643},
	journal = {Phys. Rev. B},
	author = {González, J. A. and Hołyst, J. A.},
	year = {1987},
	pages = {3643--3646}
}

@article{bishop_solitons_1979,
	title = {Solitons in Condensed Matter Physics},
	volume = {20},
	doi = {10.1088/0031-8949/20/3-4/016},
	journal = {Phys. Scr.},
	author = {Bishop, A. R.},
	year = {1979},
	pages = {409--423},
}

@book{chaikin_walls_1995,
	address = {Cambridge},
	title = {Walls, Kinks and Solitons},
	booktitle = {Principles of {Condensed} {Matter} {Physics}},
	publisher = {Cambridge University Press},
	author = {Chaikin, P. M. and Lubensky, T. C.},
	year = {1995},
	doi = {10.1017/CBO9780511813467.011},
	pages = {590--661}
}

@book{vilenkin_cosmic_2001,
	address = {Cambridge},
	title = {Cosmic Strings and Other Topological Defects},
	publisher = {Cambridge University Press},
	author = {Vilenkin, A. and Shellard, E. P. S.},
	year = {2001},
}

@book{weinberg_classical_2012,
	address = {Cambridge},
	title = {Classical Solutions in Quantum Field Theory: Solitons and Instantons in High Energy Physics},
	publisher = {Cambridge University Press},
	author = {Weinberg, E. J.},
	year = {2012},
}

@article{romanczukiewicz_could_2017,
	title = {Could the Primordial Radiation be Responsible for Vanishing of Topological Defects?},
	volume = {773},
	journal = {Phys. Lett. B},
	author = {Romańczukiewicz, T.},
	year = {2017},
	pages = {295--299},
}

@article{forgacs_negative_2008,
	title = {Negative radiation pressure exerted on kinks},
	volume = {77},
	doi = {10.1103/PhysRevD.77.125012},
	journal = {Phys. Rev. D},
	author = {Forgács, P. and Lukács, A. and Romańczukiewicz, T.},
	year = {2008},
	pages = {125012},
}

@article{lohe_soliton_1979,
	title = {Soliton structures in {$P(\varphi)_2$}},
	volume = {20},
	doi = {10.1103/PhysRevD.20.3120},
	urldate = {2019-11-11},
	journal = {Phys. Rev. D},
	author = {Lohe, M. A.},
	year = {1979},
	pages = {3120--3130},
}

@article{belendryasova_scattering_2019,
	title = {Scattering of the {$\varphi^8$} kinks with power-law asymptotics},
	volume = {67},
	doi = {10.1016/j.cnsns.2018.07.030},
	journal = {Commun. Nonlinear Sci.Numer. Simul.},
	author = {Belendryasova, E. and Gani, V. A.},
	year = {2019},
	pages = {414--426},
}